@book{Blandy_Jim2021-07-20,
  title     = {Programming Rust: Fast, Safe Systems Development},
  author    = {Blandy, Jim and Orendorff, Jason and Tindall, Leonora},
  publisher = {O'Reilly Media},
  year      = {2021},
  month     = {7},
  day       = {20},
  date      = {2021-07-20},
  edition   = {Paperback},
  language  = {English},
  isbn      = {978-1492052593},
  isbn10    = {1492052590},
  timestamp = {2023-04-29}
}

@online{fbrust,
  author  = {Facebook},
  title   = {A brief history of Rust at Facebook},
  year    = {2021},
  url     = {https://engineering.fb.com/2021/04/29/developer-tools/rust/},
  note    = {Archive: \url{https://web.archive.org/web/20230514122621if_/https://engineering.fb.com/2021/04/29/developer-tools/rust/}},
  urldate = {2023-04-29}
}

@online{githuboctoverse,
  author  = {GitHub},
  title   = {The top programming languages | The State of the Octoverse},
  year    = {2022},
  url     = {https://octoverse.github.com/2022/top-programming-languages},
  note    = {Archive: \url{https://web.archive.org/web/20230604111231if_/https://octoverse.github.com/2022/top-programming-languages}},
  urldate = {2023-05-22}
}

@book{Lippman_Stanley_B_2012-08-06,
  title     = {C++ Primer (5th Edition)},
  author    = {Lippman, Stanley B. and Lajoie, Josée and Moo, Barbara E.},
  publisher = {Addison-Wesley Professional},
  year      = {2012},
  month     = {8},
  day       = {6},
  date      = {2012-08-06},
  edition   = {Paperback},
  language  = {English},
  pages     = {972},
  isbn      = {978-0321714114},
  isbn10    = {0321714113}
}

@online{mach7,
  author  = {Solodkyy, Yuriy},
  title   = {Mach7: Pattern Matching for C++},
  year    = {2022},
  url     = {https://github.com/solodon4/Mach7},
  note    = {Archive: \url{https://web.archive.org/web/20230701164711if_/https://github.com/solodon4/Mach7}},
  urldate = {2023-07-01}
}

@online{oldrustrefmatchexpr,
  author  = {The~Rust~Project~Developers},
  title   = {The Rust Reference},
  year    = {2018},
  url     = {https://github.com/rust-lang/reference/blob/bbcacbb633a9963434ad8aaa5407e3c6ad95e4b9/src/expressions/match-expr.md},
  note    = {Archive: \url{https://web.archive.org/web/20230522145556if_/https://github.com/rust-lang/reference/blob/bbcacbb633a9963434ad8aaa5407e3c6ad95e4b9/src/expressions/match-expr.md}},
  urldate = {2023-05-19}
}

@online{p1371r3,
  title   = {Pattern Matching},
  author  = {Lopes, Bruno Cardoso and Murzin, Sergei and Park, Michael and Sankel, David and Sarginson, Dan and Stroustrup, Bjarne},
  year    = {2020},
  url     = {https://open-std.org/jtc1/sc22/wg21/docs/papers/2020/p1371r3.pdf},
  note    = {Archive: \url{https://web.archive.org/web/20230701164249if_/https://open-std.org/jtc1/sc22/wg21/docs/papers/2020/p1371r3.pdf}},
  urldate = {2023-07-01}
}

@online{p2392r1,
  title   = {Pattern matching using is and as},
  author  = {Sutter, Herb},
  year    = {2021},
  url     = {https://www.open-std.org/jtc1/sc22/wg21/docs/papers/2021/p2392r1.pdf},
  note    = {Archive: \url{https://web.archive.org/web/20230701164408if_/https://www.open-std.org/jtc1/sc22/wg21/docs/papers/2021/p2392r1.pdf}},
  urldate = {2023-07-01}
}

@online{rustacean,
  author  = {Karen Rustad Tölva},
  title   = {Rustacean.net: Home of Ferris the Crab},
  year    = {2023},
  url     = {https://www.rustacean.net/},
  note    = {Archive: \url{https://web.archive.org/web/20230604120030if_/https://www.rustacean.net/}},
  urldate = {2023-05-22}
}

@online{rustapiguidelines,
  author  = {The~Rust~Project~Developers},
  title   = {Rust API Guidelines - Naming},
  year    = {2023},
  url     = {https://rust-lang.github.io/api-guidelines/naming.html},
  note    = {Archive: \url{https://web.archive.org/web/20230522143309if_/https://rust-lang.github.io/api-guidelines/}},
  urldate = {2023-05-22}
}

@online{rustbook,
  author  = {Klabnik, Steve and Nichols, Carol},
  title   = {The Rust Programming Language},
  year    = {2023},
  url     = {https://doc.rust-lang.org/stable/book/},
  note    = {Archive: \url{https://web.archive.org/web/20230430092242if_/https://doc.rust-lang.org/stable/book/}},
  urldate = {2023-04-29}
}

@online{rustbyexample,
  author  = {The~Rust~Project~Developers},
  title   = {Rust by Example},
  year    = {2023},
  url     = {https://doc.rust-lang.org/stable/rust-by-example/},
  note    = {Archive: \url{https://web.archive.org/web/20230522143831if_/https://doc.rust-lang.org/stable/rust-by-example/}},
  urldate = {2023-04-29}
}

@online{rustchrome,
  author       = {Claburn, Thomas},
  title        = {Google polishes Chromium code with a layer of Rust},
  year         = {2023},
  url          = {https://www.theregister.com/2023/01/12/google_chromium_rust/},
  note         = {Archive: \url{https://web.archive.org/web/20230423101745if_/https://www.theregister.com/2023/01/12/google_chromium_rust/}},
  urldate      = {2023-04-29},
  organization = {The Register}
}

@online{rustdoc,
  author  = {The~Rust~Project~Developers},
  title   = {Rustdoc},
  year    = {2023},
  url     = {https://doc.rust-lang.org/stable/rustdoc/},
  urldate = {2023-04-29}
}

@online{rustfirefox,
  author       = {Cimpanu, Catalin},
  title        = {Rust Programming Language Takes More Central Role in Firefox Development},
  year         = {2017},
  url          = {https://www.bleepingcomputer.com/news/software/rust-programming-language-takes-more-central-role-in-firefox-development/},
  note         = {Archive: \url{https://web.archive.org/web/20230514122751if_/https://www.bleepingcomputer.com/news/software/rust-programming-language-takes-more-central-role-in-firefox-development/}},
  urldate      = {2023-04-29},
  organization = {Bleeping Computer}
}

@online{rustlinux,
  author       = {Evenden, Ian},
  title        = {Rust Programming Language To Land in Linux Kernel 6.1},
  year         = {2022},
  url          = {https://www.tomshardware.com/news/rust-in-linux-kernel/},
  note         = {Archive: \url{https://archive.ph/ZVmqe}},
  urldate      = {2023-04-29},
  organization = {Tom's Hardware}
}

@online{rustnomicon,
  author  = {The~Rust~Project~Developers},
  title   = {The Rustonomicon},
  year    = {2023},
  url     = {https://doc.rust-lang.org/stable/nomicon/},
  note    = {Archive: \url{https://web.archive.org/web/20230522145018if_/https://doc.rust-lang.org/stable/nomicon/}},
  urldate = {2023-04-29}
}

@online{rustref,
  author  = {The~Rust~Project~Developers},
  title   = {The Rust Reference},
  year    = {2023},
  url     = {https://doc.rust-lang.org/stable/reference/},
  note    = {Archive: \url{https://web.archive.org/web/20230522145504if_/https://doc.rust-lang.org/stable/reference/}},
  urldate = {2023-04-29}
}

@online{rustrfc,
  author  = {The~Rust~Project~Developers},
  title   = {Rust RFCs},
  year    = {2023},
  url     = {https://rust-lang.github.io/rfcs/},
  note    = {Archive: \url{https://web.archive.org/web/20230522143230if_/https://rust-lang.github.io/rfcs/}},
  urldate = {2023-05-19}
}

@online{ruststdoption,
  author  = {The~Rust~Project~Developers},
  title   = {Option in std::option},
  year    = {2023},
  url     = {https://doc.rust-lang.org/std/option/enum.Option.html},
  note    = {Archive: \url{https://web.archive.org/web/20230522190716if_/https://doc.rust-lang.org/std/option/enum.Option.html}},
  urldate = {2023-05-22}
}

@online{ruststdresult,
  author  = {The~Rust~Project~Developers},
  title   = {Result in std::result},
  year    = {2023},
  url     = {https://doc.rust-lang.org/std/result/enum.Result.html},
  note    = {Archive: \url{https://web.archive.org/web/20230522190753if_/https://doc.rust-lang.org/std/result/enum.Result.html}},
  urldate = {2023-05-22}
}

@online{rustunsafe,
  author  = {The~Rust~Project~Developers},
  title   = {Rust's Unsafe Code Guidelines Reference},
  year    = {2023},
  url     = {https://rust-lang.github.io/unsafe-code-guidelines/},
  note    = {Archive: \url{https://web.archive.org/web/20230522203232if_/https://rust-lang.github.io/unsafe-code-guidelines/}},
  urldate = {2023-05-22}
}

@online{rustunsafeenum,
  author  = {The~Rust~Project~Developers},
  title   = {Unsafe Code Guidelines Reference},
  year    = {2023},
  url     = {https://rust-lang.github.io/unsafe-code-guidelines/layout/enums.html},
  note    = {Archive: \url{https://web.archive.org/web/20230522142917if_/https://rust-lang.github.io/unsafe-code-guidelines/layout/enums.html}},
  urldate = {2023-05-19}
}

@online{rustwindows,
  author       = {Claburn, Thomas},
  title        = {Microsoft is busy rewriting core Windows code in memory-safe Rust},
  year         = {2023},
  url          = {https://www.theregister.com/2023/04/27/microsoft_windows_rust/},
  note         = {Archive: \url{https://web.archive.org/web/20230514123103if_/https://www.theregister.com/2023/04/27/microsoft_windows_rust/}},
  urldate      = {2023-04-29},
  organization = {The Register}
}

@online{sosurvey,
  author  = {Stack~Overflow},
  title   = {Stack Overflow Developer Survey 2022},
  year    = {2022},
  url     = {https://survey.stackoverflow.co/2022/},
  note    = {Archive: \url{https://web.archive.org/web/20230429083342if_/https://survey.stackoverflow.co/2022/}},
  urldate = {2023-04-29}
}

@online{stdoptional,
  title   = {std::optional},
  year    = {2022},
  url     = {https://en.cppreference.com/w/cpp/utility/optional},
  note    = {Archive: \url{https://web.archive.org/web/20230701114736if_/https://en.cppreference.com/w/cpp/utility/optional}},
  urldate = {2023-07-01}
}

@book{Stroustrup_Bjarne2014-05-15,
  title     = {Programming: Principles and Practice Using C++ (2nd Edition)},
  author    = {Stroustrup, Bjarne},
  publisher = {Addison-Wesley Professional},
  year      = {2014},
  month     = {5},
  day       = {15},
  date      = {2014-05-15},
  edition   = {Paperback},
  language  = {English},
  pages     = {1312},
  isbn      = {978-0321992789},
  isbn10    = {0321992784}
}

@book{Stroustrup_Bjarne2022-09-24,
  title     = {A Tour of C++ (3rd Edition)},
  author    = {Stroustrup, Bjarne},
  publisher = {Addison-Wesley Professional},
  year      = {2022},
  month     = {9},
  day       = {24},
  date      = {2022-09-24},
  edition   = {Paperback},
  language  = {English},
  pages     = {320},
  isbn      = {978-0136816485},
  isbn10    = {0136816487}
}